<record><leader>00000cas a22000007a 4500</leader><controlfield tag="001">24111993</controlfield><controlfield tag="008">910722d19261926mnuwr ne      0    0eng d</controlfield><datafield ind1=" " ind2=" " tag="010"><subfield code="a">sn 91059353 </subfield></datafield><datafield ind1=" " ind2=" " tag="040"><subfield code="a">MN#</subfield><subfield code="b">eng</subfield><subfield code="c">MN#</subfield><subfield code="d">OCLCQ</subfield><subfield code="d">OCLCF</subfield><subfield code="d">OCLCO</subfield></datafield><datafield ind1="1" ind2=" " tag="029"><subfield code="a">AU@</subfield><subfield code="b">000025892468</subfield></datafield><datafield ind1=" " ind2=" " tag="042"><subfield code="a">msc</subfield></datafield><datafield ind1=" " ind2=" " tag="043"><subfield code="a">n-us-mn</subfield></datafield><datafield ind1=" " ind2=" " tag="052"><subfield code="a">4144</subfield><subfield code="b">O14</subfield></datafield><datafield ind1=" " ind2=" " tag="052"><subfield code="a">4143</subfield><subfield code="b">B4</subfield></datafield><datafield ind1="0" ind2="4" tag="245"><subfield code="a">The Oak Park what.</subfield></datafield><datafield ind1=" " ind2=" " tag="260"><subfield code="a">Oak Park, Benton County, Minn. :</subfield><subfield code="b">Oak Park Commercial Club,</subfield><subfield code="c">1926.</subfield></datafield><datafield ind1=" " ind2=" " tag="300"><subfield code="a">1 v.</subfield></datafield><datafield ind1=" " ind2=" " tag="310"><subfield code="a">Weekly</subfield></datafield><datafield ind1="0" ind2=" " tag="362"><subfield code="a">Vol. 1, no. 1 (Mar. 30, 1926)-v. 1, no. 3 [i.e. 4] (Apr. 20, 1926).</subfield></datafield><datafield ind1="2" ind2="0" tag="610"><subfield code="a">Oak Park Commercial Club (Oak Park, Minn.)</subfield><subfield code="v">Periodicals.</subfield></datafield><datafield ind1=" " ind2="0" tag="651"><subfield code="a">Oak Park (Benton County, Minn.)</subfield><subfield code="v">Newspapers.</subfield></datafield><datafield ind1=" " ind2="7" tag="655"><subfield code="a">Newspapers.</subfield><subfield code="2">fast</subfield><subfield code="0">(OCoLC)fst01423814</subfield></datafield><datafield ind1=" " ind2="7" tag="655"><subfield code="a">Periodicals.</subfield><subfield code="2">fast</subfield><subfield code="0">(OCoLC)fst01411641</subfield></datafield><datafield ind1="2" ind2="7" tag="610"><subfield code="a">Oak Park Commercial Club (Oak Park, Minn.)</subfield><subfield code="2">fast</subfield><subfield code="0">(OCoLC)fst00682288</subfield></datafield><datafield ind1=" " ind2="7" tag="651"><subfield code="a">Minnesota</subfield><subfield code="z">Oak Park (Benton County)</subfield><subfield code="2">fast</subfield><subfield code="0">(OCoLC)fst01319695</subfield></datafield><datafield ind1="2" ind2=" " tag="710"><subfield code="a">Oak Park Commercial Club (Oak Park, Minn.)</subfield></datafield><datafield ind1=" " ind2=" " tag="752"><subfield code="a">United States</subfield><subfield code="b">Minnesota</subfield><subfield code="c">Benton</subfield><subfield code="d">Oak Park.</subfield></datafield><datafield ind1="0" ind2="0" tag="785"><subfield code="t">Oak Park leader</subfield><subfield code="w">(DLC)sn 91059352</subfield></datafield></record>